<record><leader>00000cas a22000007a 4500</leader><controlfield tag="001">10989781</controlfield><controlfield tag="008">840726d18uu1879inuwr ne      0    0eng d</controlfield><datafield ind1=" " ind2=" " tag="010"><subfield code="a">sn 84027278 </subfield></datafield><datafield ind1=" " ind2=" " tag="040"><subfield code="a">NPU</subfield><subfield code="b">eng</subfield><subfield code="c">NPU</subfield><subfield code="d">NPX</subfield><subfield code="d">NPU</subfield><subfield code="d">NPI</subfield><subfield code="d">MGN</subfield><subfield code="d">OCLCQ</subfield></datafield><datafield ind1=" " ind2=" " tag="042"><subfield code="a">msc</subfield></datafield><datafield ind1="0" ind2=" " tag="130"><subfield code="a">Bluffton chronicle (Bluffton, Ind. : 1873)</subfield></datafield><datafield ind1="1" ind2="4" tag="245"><subfield code="a">The Bluffton chronicle.</subfield></datafield><datafield ind1=" " ind2=" " tag="260"><subfield code="a">Bluffton, Ind. :</subfield><subfield code="b">S. Davenport</subfield></datafield><datafield ind1=" " ind2=" " tag="300"><subfield code="a">v. :</subfield><subfield code="b">ill. ;</subfield><subfield code="c">51 cm.</subfield></datafield><datafield ind1=" " ind2=" " tag="310"><subfield code="a">Weekly</subfield></datafield><datafield ind1="1" ind2=" " tag="362"><subfield code="a">Ceased in 1879.</subfield></datafield><datafield ind1=" " ind2=" " tag="500"><subfield code="a">Republican.</subfield></datafield><datafield ind1=" " ind2=" " tag="500"><subfield code="a">Editor: Joseph W. Ruckman, &lt;1874-1876&gt;.</subfield></datafield><datafield ind1=" " ind2=" " tag="588"><subfield code="a">Description based on: Vol. 4, no. 23 (Jan. 9, 1873).</subfield></datafield><datafield ind1=" " ind2=" " tag="588"><subfield code="a">Latest issue consulted: Vol. 11, no. 5 (Aug. 28, 1879).</subfield></datafield><datafield ind1=" " ind2=" " tag="752"><subfield code="a">United States</subfield><subfield code="b">Indiana</subfield><subfield code="c">Wells</subfield><subfield code="d">Bluffton.</subfield></datafield><datafield ind1="0" ind2="0" tag="780"><subfield code="t">Bluffton standard (Bluffton, Ind.)</subfield><subfield code="w">(DLC)sn 87056809</subfield></datafield><datafield ind1="0" ind2="0" tag="785"><subfield code="t">Bluffton weekly chronicle</subfield><subfield code="w">(DLC)sn 87056807</subfield></datafield></record>